
% This is an example of a string: this is the way you do variables in BiBTex
% @string{variable_name="string the variable_name refers to"}
@string{aij= "Artificial Intelligence"}


% This is an example of a book. By putting the title in {{ double brackets,
% capitalisation is preserved.

@MISC{HoustonNotif,
author = {Various},
title = {Houston},
month = Feb,
year = {2014},
howpublished={\url{https://github.com/nomad/houston}},
note={Accessed Feb 2014},
annote={A Github repository with noteworthy modular code to allow for push notficaitons to iOS devices through a ruby application}
}

@MISC{MLData,
author = {Various},
title = {Machine learning Data Sets},
month = Feb,
year = {2014},
howpublished={\url{http://mldata.org/repository/tags/data/multi-class/ }},
note={Accessed Feb 2014},
annote={Various machine learning data sets I can utlilise}
}

@MISC{RubyML,
author = {Various},
title = {Support Vector Machines and Ruby},
month = Feb,
year = {2014},
howpublished={\url{http://www.igvita.com/2008/01/07/support-vector-machines-svm-in-ruby/ }},
note={Accessed Feb 2014},
annote={A guide to how to use the SVM gem inside of ruby}
}

@MISC{RubyKNearest,
author = {Various},
title = {K Nearest Neighbour in Ruby},
month = Feb,
year = {2014},
howpublished={\url{http://gurge.com/2009/10/22/ruby-nearest-neighbor-fast-kdtree-gem/}},
note={Accessed Feb 2014},
annote={A guide to how to use the K Nearest neighbour algorithm and ways to optimise the code in a ruby environment}
}
