%% This BibTeX bibliography file was created using BibDesk.
%% http://bibdesk.sourceforge.net/


%% Created for Ryan Clarke at 2014-04-28 16:09:25 +0100 


%% Saved with string encoding Unicode (UTF-8) 


@string{aij = {Artificial Intelligence}}


@url{raywender,
	Author = {{Ray Wenderlich}},
	Date-Added = {2014-04-28 15:08:39 +0000},
	Date-Modified = {2014-04-28 15:09:25 +0000},
	Howpublished = {\url{www.raywenderlich.com}},
	Lastchecked = {28 April 2014},
	Title = {{Ray Wenderlich | Tutorials for iPhone / iOS Developers and GamersRay Wenderlich | Tutorials for iPhone / iOS Developers and Gamers}},
	Year = 2014}

@url{cocoapods,
	Author = {{Cocoa Pods}},
	Date-Added = {2014-04-28 13:19:00 +0000},
	Date-Modified = {2014-04-28 13:20:09 +0000},
	Howpublished = {\url{http://cocoapods.org/}},
	Lastchecked = {28 April 2014},
	Title = {{CocoaPods.org - The Dependency Manager for Objective C. }},
	Year = 2014}

@url{trello,
	Author = {{Trello}},
	Date-Added = {2014-04-24 21:46:26 +0000},
	Date-Modified = {2014-04-24 21:46:48 +0000},
	Howpublished = {\url{http://www.trello.com/}},
	Lastchecked = {24 April 2014},
	Title = {{Trello - Project Management}},
	Year = 2014}

@url{github,
	Author = {{GitHub}},
	Date-Added = {2014-04-24 21:45:50 +0000},
	Date-Modified = {2014-04-24 21:46:22 +0000},
	Howpublished = {\url{http://www.github.com/}},
	Lastchecked = {24 April 2014},
	Title = {{GitHub - Hosted GIT Server}},
	Year = 2014}

@url{theRainbow,
	Author = {{The Rainbow Venues}},
	Date-Added = {2014-04-24 20:44:23 +0000},
	Date-Modified = {2014-04-24 20:45:05 +0000},
	Howpublished = {\url{http://www.therainbowvenues.co.uk/}},
	Lastchecked = {24 April 2014},
	Title = {{The Rainbow Venues}},
	Year = 2014}

@url{eventStats,
	Author = {{HBAA}},
	Date-Added = {2014-04-24 20:43:03 +0000},
	Date-Modified = {2014-04-24 20:43:52 +0000},
	Howpublished = {\url{http://www.hbaa.org.uk/sites/default/files/Opportunities%20for%20Growth%20in%20the%20UK%20Events%20Industry.pdf}},
	Lastchecked = {24 April 2014},
	Title = {{Opportunities for Growth in the UK Events Industy}},
	Year = 2014}

@url{heroku,
	Annote = {The cloud server being used to deploy to a production ready state},
	Author = {{Heroku}},
	Howpublished = {\url{https://www.heroku.com/}},
	Lastchecked = {24 April 2014},
	Title = {{Heroku - Cloud Application Platform}},
	Year = 2014}

@url{spotnight,
	Author = {{Spotnight}},
	Howpublished = {\url{http://spotnightapp.com/}},
	Lastchecked = {24 April 2014},
	Title = {{Spotnight -Nights out in London}},
	Year = 2014}

@url{lineup,
	Author = {{Line Up}},
	Howpublished = {\url{http://lineupnow.com/}},
	Lastchecked = {24 April 2014},
	Title = {{Line Up - Events in Manchester}},
	Year = 2014}

@url{songkick,
	Author = {{Songkick}},
	Howpublished = {\url{http://www.songkick.com/}},
	Lastchecked = {24 April 2014},
	Title = {{SongKick - Concerts, tour dates, and festivals for your favorite artists}},
	Year = 2014}
